<?xml version = "1.0" encoding = "UTF-8"?><OAI-PMH xmlns="http://www.openarchives.org/OAI/2.0/" xmlns:xsi="http://www.w3.org/2001/XMLSchema-instance" xsi:schemaLocation="http://www.openarchives.org/OAI/2.0/ http://www.openarchives.org/OAI/2.0/OAI-PMH.xsd"><ListRecords><record><header><identifier>aleph-publish:002640548</identifier></header><metadata><record xmlns="http://www.ddb.de/professionell/mabxml/mabxml-1.xsd"><leader>00491vM2.01200024------h</leader><controlfield tag="LDR">00491vM2.01200024------h</controlfield><controlfield tag="FMT">MH</controlfield><datafield tag="001" ind1="-" ind2="1"><subfield code="a">HT006813395</subfield></datafield><datafield tag="002" ind1="a" ind2="1"><subfield code="a">19951208</subfield></datafield><datafield tag="003" ind1="-" ind2="1"><subfield code="a">20210407153130.0</subfield></datafield><datafield tag="025" ind1="o" ind2="1"><subfield code="a">722126366</subfield></datafield><datafield tag="026" ind1="-" ind2="1"><subfield code="a">HBZHT006813395</subfield></datafield><controlfield tag="030">a|1uc||||||17</controlfield><datafield tag="036" ind1="a" ind2="1"><subfield code="a">DE</subfield></datafield><datafield tag="037" ind1="b" ind2="1"><subfield code="a">ger</subfield></datafield><controlfield tag="050">a|||||||||||||</controlfield><controlfield tag="051">m|||||||</controlfield><datafield tag="070" ind1="-" ind2="1"><subfield code="a">361</subfield></datafield><datafield tag="070" ind1="b" ind2="1"><subfield code="a">Zw 1</subfield></datafield><datafield tag="080" ind1="-" ind2="1"><subfield code="a">60</subfield></datafield><datafield tag="100" ind1="-" ind2="1"><subfield code="p">Piper, Otto</subfield></datafield><datafield tag="331" ind1="-" ind2="1"><subfield code="a">Burgenkunde</subfield></datafield><datafield tag="335" ind1="-" ind2="1"><subfield code="a">Bauwesen und Geschichte der Burgen</subfield></datafield><datafield tag="359" ind1="-" ind2="1"><subfield code="a">von Otto Piper</subfield></datafield><datafield tag="403" ind1="-" ind2="1"><subfield code="a">Neue, verb. u. erw. Aufl., [verb. u. erw. Nachdr. der 3. Aufl. 1912]</subfield></datafield><datafield tag="410" ind1="-" ind2="1"><subfield code="a">Augsburg</subfield></datafield><datafield tag="412" ind1="-" ind2="1"><subfield code="a">Weltbild-Verl.</subfield></datafield><datafield tag="425" ind1="a" ind2="1"><subfield code="a">1993</subfield></datafield><datafield tag="433" ind1="-" ind2="1"><subfield code="a">XX, 711 S. : Ill., graph. Darst.</subfield></datafield><datafield tag="437" ind1="-" ind2="1"><subfield code="a">1 Kt. &quot;Burgen und Schlösser&quot;</subfield></datafield><datafield tag="540" ind1="a" ind2="1"><subfield code="a">3-89350-554-7</subfield></datafield><datafield tag="902" ind1="-" ind2="1"><subfield code="s">Burg</subfield><subfield code="9">(DE-588)4009104-1</subfield></datafield><datafield tag="902" ind1="-" ind2="1"><subfield code="z">Geschichte</subfield></datafield><controlfield tag="SYS">002640548</controlfield><datafield tag="LOW" ind1="-" ind2="1"><subfield code="a">R0002</subfield></datafield><datafield tag="LOW" ind1="-" ind2="1"><subfield code="a">K1119</subfield></datafield><datafield tag="952" ind1="-" ind2="1"><subfield code="s">Burgen</subfield></datafield><datafield tag="088" ind1=" " ind2=" "><subfield code="a">Zw 1</subfield><subfield code="b">00002000</subfield><subfield code="c">KKe 133</subfield><subfield code="e">ILL Ausleihe</subfield></datafield><datafield tag="088" ind1=" " ind2=" "><subfield code="a">Zw 1</subfield><subfield code="b">00002000</subfield><subfield code="c">BBZ 2656</subfield><subfield code="e">ILL Ausleihe</subfield></datafield><datafield tag="088" ind1=" " ind2=" "><subfield code="a">38/420</subfield><subfield code="b">00420002</subfield><subfield code="c">306/Ba675</subfield><subfield code="e">keine ILL</subfield></datafield><datafield tag="088" ind1=" " ind2=" "><subfield code="a">361</subfield><subfield code="b">14K_M</subfield><subfield code="c">FB142 P665</subfield><subfield code="e">ILL nur Kopie</subfield></datafield><datafield tag="088" ind1=" " ind2=" "><subfield code="a">466</subfield><subfield code="c">WUJ1407(3)</subfield><subfield code="e">keine Angabe</subfield></datafield><datafield tag="088" ind1=" " ind2=" "><subfield code="a">Dü 62</subfield><subfield code="c">11 WUJ 150 (3)</subfield><subfield code="e">keine Angabe</subfield></datafield></record></metadata></record></ListRecords></OAI-PMH>